<?xml version="1.0" encoding="UTF-8"?><collection xmlns="http://www.loc.gov/MARC21/slim"><record><leader>00393nam--2200133-i-4500</leader><controlfield tag="001">000011756</controlfield><controlfield tag="002">20161230</controlfield><controlfield tag="005">20161230201029</controlfield><controlfield tag="008">060222s1000------------r-----000-0-eng-d</controlfield><datafield ind1=" " ind2=" " tag="080"><subfield code="a">62-52:621.38(043)</subfield></datafield><datafield ind1=" " ind2=" " tag="100"><subfield code="a">Charles,Gilbert</subfield></datafield><datafield ind1=" " ind2=" " tag="245"><subfield code="a">Reconnaissance automatique de forme d un signa l transistoire rapide</subfield></datafield><datafield ind1=" " ind2=" " tag="260"><subfield code="a">Orsay,L Universite De Paris-sud.,1975. 129p.+ 9 Planse</subfield></datafield><datafield ind1=" " ind2=" " tag="852"><subfield code="a">43344</subfield></datafield></record></collection>